<collection xmlns:xsi="http://www.w3.org/2001/XMLSchema-instance" xmlns="http://www.loc.gov/MARC21/slim" xsi:schemaLocation="http://www.loc.gov/MARC21/slim http://www.loc.gov/standards/marcxml/schema/MARC21slim.xsd">

<record>
  <leader>09415ckdaa2201081 a 4500</leader>
  <controlfield tag="001">3462426</controlfield>
  <controlfield tag="005">20100226103446.0</controlfield>
  <controlfield tag="008">890605s1908    xx ||| |||||||   1k|eng d</controlfield>
  <datafield tag="035" ind1=" " ind2=" ">
    <subfield code="a">(OCoLC)78119315</subfield>
  </datafield>
  <datafield tag="035" ind1=" " ind2=" ">
    <subfield code="a">(OCoLC)ocm78119315</subfield>
  </datafield>
  <datafield tag="035" ind1=" " ind2=" ">
    <subfield code="a">(CStRLIN)NYDA89-F678</subfield>
  </datafield>
  <datafield tag="035" ind1=" " ind2=" ">
    <subfield code="9">AAA2897AD</subfield>
  </datafield>
  <datafield tag="035" ind1=" " ind2=" ">
    <subfield code="a">(NNC)3462426</subfield>
  </datafield>
  <datafield tag="040" ind1=" " ind2=" ">
    <subfield code="a">NNC</subfield>
    <subfield code="c">NNCeghic</subfield>
  </datafield>
  <datafield tag="043" ind1=" " ind2=" ">
    <subfield code="a">n-us-ca</subfield>
  </datafield>
  <datafield tag="110" ind1="2" ind2=" ">
    <subfield code="a">Greene &amp; Greene.</subfield>
  </datafield>
  <datafield tag="240" ind1="1" ind2="0">
    <subfield code="a">Willim J. Lawless house (Sierra Madre, Calif.)</subfield>
  </datafield>
  <datafield tag="245" ind1="1" ind2="0">
    <subfield code="a">Residence for W. J. Lawless Esq. at Sierra Madre, California.</subfield>
    <subfield code="h">[graphic] :</subfield>
    <subfield code="b">/</subfield>
    <subfield code="c">Greene &amp; Greene, Arch'ts.</subfield>
  </datafield>
  <datafield tag="260" ind1=" " ind2=" ">
    <subfield code="c">1908</subfield>
  </datafield>
  <datafield tag="300" ind1=" " ind2=" ">
    <subfield code="a">43 sheets:</subfield>
    <subfield code="b">various media ;</subfield>
    <subfield code="c">54.6 x 82.4 cm. (21 1/2 X 32 1/2 in.) or smaller.</subfield>
  </datafield>
  <datafield tag="500" ind1=" " ind2=" ">
    <subfield code="a">Scale varies.</subfield>
  </datafield>
  <datafield tag="500" ind1=" " ind2=" ">
    <subfield code="a">Bracketed title elements supplied by cataloger or taken from inventory.</subfield>
  </datafield>
  <datafield tag="500" ind1=" " ind2=" ">
    <subfield code="a">Forms part of the Greene &amp; Greene colection of architectural drawings ; job no. 231.</subfield>
  </datafield>
  <datafield tag="500" ind1=" " ind2=" ">
    <subfield code="a">This set consists of 21 pencil drawings on tracing paper, 6 pencil and watercolor wash drawings on tracing paper, 5 blueprints with crayon and pencil markings on cloth, 2 ink drawings with pencil markings and also with ink wash applied to the verso on cloth, 4, pencil drawings on paper, 1 blueprint with pencil markings on paper, 1 ink drawing with ink wash applied to the verso on cloth, 1 pencil drawing with ink markings on tracing paper, and 1 ink drawing on cloth.</subfield>
  </datafield>
  <datafield tag="561" ind1=" " ind2=" ">
    <subfield code="a">Gift of Jean Murray Bangs (Mrs. Harwell Hamilton Harris), 1960; formerly the collection of Charles Sumner Greene.</subfield>
  </datafield>
  <datafield tag="650" ind1=" " ind2="7">
    <subfield code="a">Houses.</subfield>
    <subfield code="2">aat</subfield>
  </datafield>
  <datafield tag="650" ind1=" " ind2="7">
    <subfield code="a">Pergolas.</subfield>
    <subfield code="2">aat</subfield>
  </datafield>
  <datafield tag="655" ind1=" " ind2="7">
    <subfield code="a">Detail drawings.</subfield>
    <subfield code="2">aat</subfield>
  </datafield>
  <datafield tag="655" ind1=" " ind2="7">
    <subfield code="a">Sketches.</subfield>
    <subfield code="2">aat</subfield>
  </datafield>
  <datafield tag="655" ind1=" " ind2="7">
    <subfield code="a">Perspective drawings.</subfield>
    <subfield code="2">aat</subfield>
  </datafield>
  <datafield tag="655" ind1=" " ind2="7">
    <subfield code="a">Architectural drawings</subfield>
    <subfield code="x">American.</subfield>
    <subfield code="2">aat</subfield>
  </datafield>
  <datafield tag="655" ind1=" " ind2="7">
    <subfield code="a">Preliminary drawings.</subfield>
    <subfield code="2">aat</subfield>
  </datafield>
  <datafield tag="655" ind1=" " ind2="7">
    <subfield code="a">Orthographic drawings.</subfield>
    <subfield code="2">aat</subfield>
  </datafield>
  <datafield tag="655" ind1=" " ind2="7">
    <subfield code="a">Reflected ceiling plans.</subfield>
    <subfield code="2">aat</subfield>
  </datafield>
  <datafield tag="691" ind1=" " ind2="0">
    <subfield code="a">Sierra Madre (Calif.)</subfield>
  </datafield>
  <datafield tag="650" ind1=" " ind2="0">
    <subfield code="a">Architecture</subfield>
    <subfield code="z">United States</subfield>
    <subfield code="v">Designs and plans.</subfield>
  </datafield>
  <datafield tag="697" ind1="2" ind2="4">
    <subfield code="a">William J. Lawless house (Sierra Madre Calif.)</subfield>
  </datafield>
  <datafield tag="700" ind1="1" ind2=" ">
    <subfield code="a">Greene, Charles Sumner,</subfield>
    <subfield code="d">1868-1957.</subfield>
  </datafield>
  <datafield tag="700" ind1="1" ind2=" ">
    <subfield code="a">Greene, Henry Mather,</subfield>
    <subfield code="d">1870-1954.</subfield>
  </datafield>
  <datafield tag="700" ind1="1" ind2=" ">
    <subfield code="a">Lawless, Willam J.</subfield>
  </datafield>
  <datafield tag="755" ind1=" " ind2=" ">
    <subfield code="a">Pencil drawings.</subfield>
    <subfield code="2">aat</subfield>
  </datafield>
  <datafield tag="755" ind1=" " ind2=" ">
    <subfield code="a">Watercolor wash drawings.</subfield>
    <subfield code="2">aat</subfield>
  </datafield>
  <datafield tag="755" ind1=" " ind2=" ">
    <subfield code="a">Blueprints.</subfield>
    <subfield code="2">aat</subfield>
  </datafield>
  <datafield tag="755" ind1=" " ind2=" ">
    <subfield code="a">Crayon drawings.</subfield>
    <subfield code="2">aat</subfield>
  </datafield>
  <datafield tag="755" ind1=" " ind2=" ">
    <subfield code="a">Ink drawings.</subfield>
    <subfield code="2">aat</subfield>
  </datafield>
  <datafield tag="755" ind1=" " ind2=" ">
    <subfield code="a">Ink wash drawings.</subfield>
    <subfield code="2">aat</subfield>
  </datafield>
  <datafield tag="799" ind1="4" ind2="3">
    <subfield code="a">The Greene &amp; Greene collection of architectural drawings.</subfield>
  </datafield>
  <datafield tag="789" ind1="0" ind2=" ">
    <subfield code="1">[1]</subfield>
    <subfield code="i">NYDA.1960.001.02362.</subfield>
    <subfield code="v">[AVERYimage].</subfield>
    <subfield code="t">[Sketch of floor plan, perspective sketch of house, unidentified sketch]</subfield>
  </datafield>
  <datafield tag="789" ind1="0" ind2=" ">
    <subfield code="1">[2]</subfield>
    <subfield code="i">NYDA.1960.001.02363.</subfield>
    <subfield code="v">[AVERYimage].</subfield>
    <subfield code="t">Foundation plan ; sect'n [of] chimney footing ; 3/4 inch scale details -- front of vent, typical wall section, girder footings :</subfield>
    <subfield code="n">Sheet number 1,</subfield>
    <subfield code="d">June 20, 1908.</subfield>
  </datafield>
  <datafield tag="789" ind1="0" ind2=" ">
    <subfield code="1">[3]</subfield>
    <subfield code="i">NYDA.1960.001.02364.</subfield>
    <subfield code="v">[AVERYimage].</subfield>
    <subfield code="t">Foundation plan ; sect'n [of] chimney footing ; 3/4 inch scale details -- front of vent, typical wall section, girder footings :</subfield>
    <subfield code="n">Sheet number 1,</subfield>
    <subfield code="d">June 20, 1908.</subfield>
    <subfield code="o">Encapsulated in mylar.</subfield>
  </datafield>
  <datafield tag="789" ind1="0" ind2=" ">
    <subfield code="1">[4]</subfield>
    <subfield code="i">NYDA.1960.001.02365.</subfield>
    <subfield code="v">[AVERYimage].</subfield>
    <subfield code="t">[Foundation plan] 3/4 inch scale details -- typical wall section, girder footings.</subfield>
  </datafield>
  <datafield tag="789" ind1="0" ind2=" ">
    <subfield code="1">[5]</subfield>
    <subfield code="i">NYDA.1960.001.02366.</subfield>
    <subfield code="v">[AVERYimage].</subfield>
    <subfield code="t">First floor plan :nSheet no. 2,</subfield>
    <subfield code="d">June 20, 1908.</subfield>
  </datafield>
  <datafield tag="789" ind1="0" ind2=" ">
    <subfield code="1">[6]</subfield>
    <subfield code="i">NYDA.1960.001.02367.</subfield>
    <subfield code="v">[AVERYimage].</subfield>
    <subfield code="t">First floor plan :</subfield>
    <subfield code="n">Sheet no. 2,</subfield>
    <subfield code="d">June 20, 1908.</subfield>
    <subfield code="o">Encapsulated in mylar.</subfield>
  </datafield>
  <datafield tag="789" ind1="0" ind2=" ">
    <subfield code="1">[7]</subfield>
    <subfield code="i">NYDA.1960.001.02368.</subfield>
    <subfield code="v">[AVERYimage].</subfield>
    <subfield code="t">[First floor plan].</subfield>
    <subfield code="o">Encapsulated in mylar.</subfield>
  </datafield>
  <datafield tag="789" ind1="0" ind2=" ">
    <subfield code="1">[8]</subfield>
    <subfield code="i">NYDA.1960.001.02369.</subfield>
    <subfield code="v">[AVERYimage].</subfield>
    <subfield code="t">[Preliminary drawing of] first floor plan, [scheme] #1.</subfield>
  </datafield>
  <datafield tag="789" ind1="0" ind2=" ">
    <subfield code="1">[9]</subfield>
    <subfield code="i">NYDA.1960.001.02370.</subfield>
    <subfield code="v">[AVERYimage].</subfield>
    <subfield code="t">[Preliminary drawing of] first floor plan, [scheme] #2.</subfield>
  </datafield>
  <datafield tag="789" ind1="0" ind2=" ">
    <subfield code="1">[10]</subfield>
    <subfield code="i">NYDA.1960.001.02371.</subfield>
    <subfield code="v">[AVERYimage].</subfield>
    <subfield code="t">[Preliminary drawing of] first floor plan, [scheme #] 3.</subfield>
    <subfield code="o">"Accepted 5/8/08.</subfield>
  </datafield>
  <datafield tag="789" ind1="0" ind2=" ">
    <subfield code="1">[11]</subfield>
    <subfield code="i">NYDA.1960.001.02372R.</subfield>
    <subfield code="v">[AVERYimage].</subfield>
    <subfield code="t">[Sketch of floor plan], #3.</subfield>
  </datafield>
  <datafield tag="789" ind1="0" ind2=" ">
    <subfield code="1">[12]</subfield>
    <subfield code="i">NYDA.1960.001.02372V.</subfield>
    <subfield code="v">[AVERYimage].</subfield>
    <subfield code="t">[Sketch of floor plan, unidentified sketch]</subfield>
  </datafield>
  <datafield tag="789" ind1="0" ind2=" ">
    <subfield code="1">[13]</subfield>
    <subfield code="i">NYDA.1960.001.02373.</subfield>
    <subfield code="v">[AVERYimage].</subfield>
    <subfield code="t">[Preliminary drawing of first floor plan, scheme]</subfield>
  </datafield>
  <datafield tag="789" ind1="0" ind2=" ">
    <subfield code="1">[14]</subfield>
    <subfield code="i">NYDA.1960.001.02374.</subfield>
    <subfield code="v">[AVERYimage].</subfield>
    <subfield code="t">[Prelinimary drawing of first floor] plan, [scheme] #2.</subfield>
  </datafield>
  <datafield tag="789" ind1="0" ind2=" ">
    <subfield code="1">[15]</subfield>
    <subfield code="i">NYDA.1960.001.02375.</subfield>
    <subfield code="v">[AVERYimage].</subfield>
    <subfield code="t">Second floor plan :</subfield>
    <subfield code="n">Sheet no. 3,</subfield>
    <subfield code="d">June 20, 1908.</subfield>
  </datafield>
  <datafield tag="789" ind1="0" ind2=" ">
    <subfield code="1">[16]</subfield>
    <subfield code="i">NYDA.1960.001.02376.</subfield>
    <subfield code="v">[AVERYimage].</subfield>
    <subfield code="t">Second floor plan :</subfield>
    <subfield code="n">Sheet no. 3,</subfield>
    <subfield code="d">June 20, 1908.</subfield>
  </datafield>
  <datafield tag="789" ind1="0" ind2=" ">
    <subfield code="1">[17]</subfield>
    <subfield code="i">NYDA.1960.001.02377.</subfield>
    <subfield code="v">[AVERYimage].</subfield>
    <subfield code="t">2d floor [plan]</subfield>
  </datafield>
  <datafield tag="789" ind1="0" ind2=" ">
    <subfield code="1">[18]</subfield>
    <subfield code="i">NYDA.1960.001.02378.</subfield>
    <subfield code="v">[AVERYimage].</subfield>
    <subfield code="t">[Preliminary drawing of] second floor plan, [scheme] 1.</subfield>
  </datafield>
  <datafield tag="789" ind1="0" ind2=" ">
    <subfield code="1">[19]</subfield>
    <subfield code="i">NYDA.1960.001.02379.</subfield>
    <subfield code="v">[AVERYimage].</subfield>
    <subfield code="t">[Preliminary drawing of] second floor plan, [scheme] #1.</subfield>
  </datafield>
  <datafield tag="789" ind1="0" ind2=" ">
    <subfield code="1">[20]</subfield>
    <subfield code="i">NYDA.1960.001.02380.</subfield>
    <subfield code="v">[AVERYimage].</subfield>
    <subfield code="t">[Preliminary drawing of] second floor plan, [scheme] 32.</subfield>
  </datafield>
  <datafield tag="789" ind1="0" ind2=" ">
    <subfield code="1">[21]</subfield>
    <subfield code="i">NYDA.1960.001.02381.</subfield>
    <subfield code="v">[AVERYimage].</subfield>
    <subfield code="t">[Preliminary drawing of] second floor plan, [scheme #] 3.</subfield>
    <subfield code="o">"5/2 accident. No. cesspool[?]".</subfield>
  </datafield>
  <datafield tag="789" ind1="0" ind2=" ">
    <subfield code="1">[22]</subfield>
    <subfield code="i">NYDA.1960.001.02382.</subfield>
    <subfield code="v">[AVERYimage].</subfield>
    <subfield code="t">[Sketch of] 2d floor plan, #2.</subfield>
  </datafield>
  <datafield tag="789" ind1="0" ind2=" ">
    <subfield code="1">[23]</subfield>
    <subfield code="i">NYDA.1960.001.02383.</subfield>
    <subfield code="v">[AVERYimage].</subfield>
    <subfield code="t">Front (or south) elevation, east elevation ; detail of vents in gables, detail of overhang, end [and] side detail[s] of ridges :</subfield>
    <subfield code="n">Sheet no. 4,</subfield>
    <subfield code="d">June 20, 1908.</subfield>
  </datafield>
  <datafield tag="789" ind1="0" ind2=" ">
    <subfield code="1">[24]</subfield>
    <subfield code="i">NYDA.1960.001.02384.</subfield>
    <subfield code="v">[AVERYimage].</subfield>
    <subfield code="t">Front (or south) elevation, east elevation ; detail of vents in gables, detail of overhang, end [and] side detail[s] of ridges :</subfield>
    <subfield code="n">Sheet no. 4,</subfield>
    <subfield code="d">June 20, 1908.</subfield>
    <subfield code="o">Encapsulated in mylar.</subfield>
  </datafield>
  <datafield tag="789" ind1="0" ind2=" ">
    <subfield code="1">[25]</subfield>
    <subfield code="i">NYDA.1960.001.02385.</subfield>
    <subfield code="v">[AVERYimage].</subfield>
    <subfield code="t">Front (or S.) elev.</subfield>
  </datafield>
  <datafield tag="789" ind1="0" ind2=" ">
    <subfield code="1">[26]</subfield>
    <subfield code="i">NYDA.1960.001.02386.</subfield>
    <subfield code="v">[AVERYimage].</subfield>
    <subfield code="t">[Preliminary drawings of] east elevation, south elevation, [scheme] #1.</subfield>
  </datafield>
  <datafield tag="789" ind1="0" ind2=" ">
    <subfield code="1">[27]</subfield>
    <subfield code="i">NYDA.1960.001.02387.</subfield>
    <subfield code="v">[AVERYimage].</subfield>
    <subfield code="t">[Preliminary drawings of] east elevation, south elevation, [scheme] #1.</subfield>
  </datafield>
  <datafield tag="789" ind1="0" ind2=" ">
    <subfield code="1">[28]</subfield>
    <subfield code="i">NYDA.1960.001.02388.</subfield>
    <subfield code="v">[AVERYimage].</subfield>
    <subfield code="t">East elev.</subfield>
  </datafield>
  <datafield tag="789" ind1="0" ind2=" ">
    <subfield code="1">[29]</subfield>
    <subfield code="i">NYDA.1960.001.02389.</subfield>
    <subfield code="v">[AVERYimage].</subfield>
    <subfield code="t">East elevation, [scheme] #2.</subfield>
  </datafield>
  <datafield tag="789" ind1="0" ind2=" ">
    <subfield code="1">[30]</subfield>
    <subfield code="i">NYDA.1960.001.02390.</subfield>
    <subfield code="v">[AVERYimage].</subfield>
    <subfield code="t">East [elevation, scheme #2]</subfield>
  </datafield>
  <datafield tag="789" ind1="0" ind2=" ">
    <subfield code="1">[31]</subfield>
    <subfield code="i">NYDA.1960.001.02391.</subfield>
    <subfield code="v">[AVERYimage].</subfield>
    <subfield code="t">Front (north) elevation ; west elevation, [scheme #]3.</subfield>
  </datafield>
  <datafield tag="789" ind1="0" ind2=" ">
    <subfield code="1">[32]</subfield>
    <subfield code="i">NYDA.1960.001.02392.</subfield>
    <subfield code="v">[AVERYimage].</subfield>
    <subfield code="t">West elevation ; north elevation ; detail [of typical] wall section ; [section through] double hung windows ; elev. of splice when used for sills ; detail [in] plan [and] elev. of splice for plates and sills :</subfield>
    <subfield code="n">Sheet no. 5,</subfield>
    <subfield code="d">June 20, 1908.</subfield>
  </datafield>
  <datafield tag="789" ind1="0" ind2=" ">
    <subfield code="1">[33]</subfield>
    <subfield code="i">NYDA.1960.001.02393.</subfield>
    <subfield code="v">[AVERYimage].</subfield>
    <subfield code="t">West elevation ; north elevation ; detail [of typical] wall section ; [section through] double hung windows ; elev. of splice when used for sills ; detail [in] plan [and] elev. of splice for plates and sills :</subfield>
    <subfield code="n">Sheet no. 5,</subfield>
    <subfield code="d">June 20, 1908.</subfield>
    <subfield code="o">Encapsulated in mylar.</subfield>
  </datafield>
  <datafield tag="789" ind1="0" ind2=" ">
    <subfield code="1">[34]</subfield>
    <subfield code="i">NYDA.1960.001.02394.</subfield>
    <subfield code="v">[AVERYimage].</subfield>
    <subfield code="t">[West elevation]</subfield>
  </datafield>
  <datafield tag="789" ind1="0" ind2=" ">
    <subfield code="1">[35]</subfield>
    <subfield code="i">NYDA.1960.001.02395.</subfield>
    <subfield code="v">[AVERYimage].</subfield>
    <subfield code="t">North elev.</subfield>
  </datafield>
  <datafield tag="789" ind1="0" ind2=" ">
    <subfield code="1">[36]</subfield>
    <subfield code="i">NYDA.1960.001.02396.</subfield>
    <subfield code="v">[AVERYimage].</subfield>
    <subfield code="t">Interior details -- interior of dining room [in elevations] -- north, east, south, west ; interior of living room [in elevations] -- north, east, south, west ; front [and] end [elevations of] dining room sideboard ; [plan of] living room ceiling ; stairs and halls -- section looking north, section of stairs looking east :</subfield>
    <subfield code="n">Sheet no. 6,</subfield>
    <subfield code="d">June 20, 1908.</subfield>
  </datafield>
  <datafield tag="789" ind1="0" ind2=" ">
    <subfield code="1">[37]</subfield>
    <subfield code="i">NYDA.1960.001.02397.</subfield>
    <subfield code="v">[AVERYimage].</subfield>
    <subfield code="t">Interior details -- interior of dining room [in elevations] -- north, east, south, west ; interior of living room [in elevations] -- north, east, south, west ; front [and] end [elevations of] dining room sideboard ; [plan of] living room ceiling ; stairs and halls -- section looking north, section of stairs looking east :</subfield>
    <subfield code="n">Sheet no. 6,</subfield>
    <subfield code="d">June 20, 1908.</subfield>
    <subfield code="o">Encapsulated in mylar.</subfield>
  </datafield>
  <datafield tag="789" ind1="0" ind2=" ">
    <subfield code="1">[38]</subfield>
    <subfield code="i">NYDA.1960.001.02398.</subfield>
    <subfield code="v">[AVERYimage].</subfield>
    <subfield code="t">[Plan of living room ceiling] ; [elevations of] living room -- west end, north, east, south ; [elevations of] dining room -- [north, east, south, west] ; front [and] end [elevations of dining room] sideboard.</subfield>
  </datafield>
  <datafield tag="789" ind1="0" ind2=" ">
    <subfield code="1">[39]</subfield>
    <subfield code="i">NYDA.1960.001.02399.</subfield>
    <subfield code="v">[AVERYimage].</subfield>
    <subfield code="t">[Section through stairs looking north, section through stairs looking east, unidentified detail sketches]</subfield>
  </datafield>
  <datafield tag="789" ind1="0" ind2=" ">
    <subfield code="1">[40]</subfield>
    <subfield code="i">NYDA.1960.001.02400.</subfield>
    <subfield code="v">[AVERYimage].</subfield>
    <subfield code="t">Pergola -- plan, elevation looking north, south elevation of east wing, elevation looking east :</subfield>
    <subfield code="n">Sheet no. 30,</subfield>
    <subfield code="d">Nov. 18, 1908.</subfield>
  </datafield>
  <datafield tag="789" ind1="0" ind2=" ">
    <subfield code="1">[41]</subfield>
    <subfield code="i">NYDA.1960.001.02401.</subfield>
    <subfield code="v">[AVERYimage].</subfield>
    <subfield code="t">[Three detail drawings of unidentified mechanism]</subfield>
  </datafield>
  <datafield tag="789" ind1="0" ind2=" ">
    <subfield code="1">[42]</subfield>
    <subfield code="i">NYDA.1960.001.02402R.</subfield>
    <subfield code="v">[AVERYimage].</subfield>
    <subfield code="t">[Detail sketch of] curtain rings.</subfield>
  </datafield>
  <datafield tag="789" ind1="0" ind2=" ">
    <subfield code="1">[43]</subfield>
    <subfield code="i">NYDA.1960.001.02402V.</subfield>
    <subfield code="v">[AVERYimage].</subfield>
    <subfield code="t">[Unidentified detail sketch]</subfield>
  </datafield>
  <datafield tag="789" ind1="0" ind2=" ">
    <subfield code="1">[44]</subfield>
    <subfield code="i">NYDA.1960.001.02403.</subfield>
    <subfield code="v">[AVERYimage].</subfield>
    <subfield code="t">[Unidentified detail sketches].</subfield>
    <subfield code="o">Drawing done on end paper for roll of drawings.</subfield>
    <subfield code="o">Encapsulated in mylar.</subfield>
  </datafield>
  <datafield tag="789" ind1="0" ind2=" ">
    <subfield code="1">[45]</subfield>
    <subfield code="i">NYDA.1960.001.02404.</subfield>
    <subfield code="v">[AVERYimage].</subfield>
    <subfield code="t">[Rough sketches of] -- change [in] section of galv[anize]d gutter on 1 1/2" detail, show pieces in corners of l[iving] r[oom] frieze, change [in] 2d floor door detail.</subfield>
    <subfield code="o">Images are illustrations for 3 items on a checklist on lined foolscap entitled -- "Lawless notes".</subfield>
  </datafield>
  <datafield tag="900" ind1=" " ind2=" ">
    <subfield code="a">AUTH</subfield>
  </datafield>
</record>

</collection>